@book{asch_data_2016,
  address    = {Philadelphia},
  series     = {Fundamentals of algorithms},
  title      = {Data assimilation: methods, algorithms, and applications},
  isbn       = {978-1-61197-454-6},
  shorttitle = {Data assimilation},
  language   = {en},
  number     = {11},
  publisher  = {Society for Industrial and Applied Mathematics},
  author     = {Asch, Mark et al.},
  year       = {2016},
  keywords   = {Algorithms, Inverse problems (Differential equations), Numerical analysis}
}

@article{siripatana_combining_2019,
  title    = {Combining ensemble {Kalman} filter and multiresolution analysis for efficient assimilation into adaptive mesh models},
  volume   = {23},
  issn     = {1420-0597, 1573-1499},
  doi      = {10.1007/s10596-019-09882-z},
  language = {en},
  number   = {6},
  journal  = {Computational Geosciences},
  author   = {Siripatana, A. and Giraldi, L. and Le Ma√Ætre, O. P. and Knio, O. M. and Hoteit, I.},
  month    = dec,
  year     = {2019},
  pages    = {1259--1276}
}

@article{evensen_sequential_1994,
  title    = {Sequential data assimilation with a nonlinear quasi-geostrophic model using {Monte} {Carlo} methods to forecast error statistics},
  volume   = {99},
  issn     = {2156-2202},
  doi      = {10.1029/94JC00572},
  language = {en},
  number   = {C5},
  journal  = {Journal of Geophysical Research: Oceans},
  author   = {Evensen, G.},
  year     = {1994},
  pages    = {10143--10162}
}

@book{cottet_vortex_2000,
  title  = {Vortex methods - theory and practice.},
  isbn   = {978-0-521-62186-1},
  author = {Cottet, G.-H and Koumoutsakos, P.},
  month  = mar,
  year   = {2000},
  doi    = {10.1017/CBO9780511526442}
}


@article{aref_motion_1979,
  title    = {Motion of three vortices},
  volume   = {22},
  issn     = {0031-9171},
  doi      = {10.1063/1.862605},
  language = {en},
  number   = {3},
  journal  = {The Physics of Fluids},
  author   = {Aref, Hassan},
  month    = mar,
  year     = {1979},
  pages    = {393--400}
}

@article{rosenthal_displacement_2017,
  title    = {Displacement data assimilation},
  volume   = {330},
  issn     = {0021-9991},
  doi      = {10.1016/j.jcp.2016.10.025},
  urldate  = {2023-12-24},
  journal  = {Journal of Computational Physics},
  author   = {Rosenthal, W. Steven et al.},
  month    = feb,
  year     = {2017},
  keywords = {Uncertainty quantification, Data assimilation, Ensemble Kalman Filter, Displacement assimilation, Vortex dynamics},
  pages    = {594--614}
}

@article{ravela_data_2007,
  title    = {Data assimilation by field alignment},
  volume   = {230},
  issn     = {01672789},
  doi      = {10.1016/j.physd.2006.09.035},
  language = {en},
  number   = {1-2},
  journal  = {Physica D: Nonlinear Phenomena},
  author   = {Ravela, Sai et al.},
  month    = jun,
  year     = {2007},
  pages    = {127--145}
}