@inproceedings{jiang_material_2016,
  title     = {The material point method for simulating continuum materials},
  author    = {Jiang, Chenfanfu and Schroeder, Craig and Teran, Joseph and Stomakhin, Alexey and Selle, Andrew},
  year      = 2016,
  month     = jul,
  booktitle = {{ACM} {SIGGRAPH} 2016 {Courses}},
  publisher = {ACM},
  address   = {Anaheim California},
  pages     = {1--52},
  doi       = {10.1145/2897826.2927348},
  isbn      = {978-1-4503-4289-6},
  url       = {https://dl.acm.org/doi/10.1145/2897826.2927348},
  urldate   = {2021-12-09},
  language  = {en}
}
@article{lucy_1977,
  title   = {A numerical approach to the testing of the fission hypothesis.},
  author  = {Leon B. Lucy},
  year    = 1977,
  journal = {The Astronomical Journal},
  volume  = 82,
  pages   = {1013--1024},
  url     = {https://api.semanticscholar.org/CorpusID:122966099}
}
@article{christiansen_1973,
  title   = {Numerical simulation of hydrodynamics by the method of point vortices},
  author  = {I.P Christiansen},
  year    = 1973,
  journal = {Journal of Computational Physics},
  volume  = 13,
  number  = 3,
  pages   = {363--379},
  doi     = {https://doi.org/10.1016/0021-9991(73)90042-9},
  issn    = {0021-9991},
  url     = {https://www.sciencedirect.com/science/article/pii/0021999173900429}
}
@article{birdsall_1969,
  title   = {Clouds-in-clouds, clouds-in-cells physics for many-body plasma simulation},
  author  = {Charles K Birdsall and Dieter Fuss},
  year    = 1969,
  journal = {Journal of Computational Physics},
  volume  = 3,
  number  = 4,
  pages   = {494--511},
  doi     = {https://doi.org/10.1016/0021-9991(69)90058-8},
  issn    = {0021-9991},
  url     = {https://www.sciencedirect.com/science/article/pii/0021999169900588}
}
@article{bentley_1975_kdtree,
  title      = {Multidimensional Binary Search Trees Used for Associative Searching},
  author     = {Bentley, Jon Louis},
  year       = 1975,
  month      = {sep},
  journal    = {Commun. ACM},
  publisher  = {Association for Computing Machinery},
  address    = {New York, NY, USA},
  volume     = 18,
  number     = 9,
  pages      = {509–517},
  doi        = {10.1145/361002.361007},
  issn       = {0001-0782},
  url        = {https://doi.org/10.1145/361002.361007},
  issue_date = {Sept. 1975},
  numpages   = 9,
  keywords   = {associative retrieval, binary tree insertion, intersection queries, binary search trees, nearest neighbor queries, key, partial match queries, attribute, information retrieval system}
}
@article{kuwahara_numerical_1973,
  title   = {Numerical {Studies} of {Two}-{Dimensional} {Vortex} {Motion} by a {System} of {Point} {Vortices}},
  author  = {Kuwahara, Kunio and Takami, Hideo},
  year    = 1973,
  month   = jan,
  journal = {Journal of the Physical Society of Japan},
  volume  = 34,
  number  = 1,
  pages   = {247--253},
  doi     = {10.1143/JPSJ.34.247},
  issn    = {0031-9015},
  url     = {https://journals.jps.jp/doi/10.1143/JPSJ.34.247},
  urldate = {2023-05-03}
}
@article{cottet_1990,
  title   = {A particle method to solve the {Navier-Stokes} system},
  author  = {Cottet, Georges-Henri and Mas-Gallic, Sylvie},
  year    = 1990,
  month   = dec,
  journal = {Numerische Mathematik},
  volume  = 57,
  number  = 1,
  pages   = {805--827},
  doi     = {10.1007/BF01386445},
  issn    = {0029-599X},
  url     = {https://doi.org/10.1007/BF01386445}
}
@article{degond_1989,
  title     = {The Weighted Particle Method for Convection-Diffusion Equations. Part 1: The Case of an Isotropic Viscosity},
  author    = {P. Degond and S. Mas-Gallic},
  year      = 1989,
  journal   = {Mathematics of Computation},
  publisher = {American Mathematical Society},
  volume    = 53,
  number    = 188,
  pages     = {485--507},
  issn      = {00255718, 10886842},
  url       = {http://www.jstor.org/stable/2008716},
  urldate   = {2023-05-05}
}
@article{fornberg_flyer_2015,
  title     = {Solving PDEs with radial basis functions},
  author    = {Fornberg, Bengt and Flyer, Natasha},
  year      = 2015,
  journal   = {Acta Numerica},
  publisher = {Cambridge University Press},
  volume    = 24,
  pages     = {215–258},
  doi       = {10.1017/S0962492914000130}
}
@article{leonard_vortex_1980,
  title    = {Vortex methods for flow simulation},
  author   = {Leonard, A},
  year     = 1980,
  month    = oct,
  journal  = {Journal of Computational Physics},
  volume   = 37,
  number   = 3,
  pages    = {289--335},
  doi      = {10.1016/0021-9991(80)90040-6},
  issn     = {0021-9991},
  url      = {https://www.sciencedirect.com/science/article/pii/0021999180900406},
  urldate  = {2023-05-03},
  language = {en}
}
@incollection{de_vaucorbeil_material_2020,
  title      = {Material point method after 25 years: {Theory}, implementation, and applications},
  shorttitle = {Material point method after 25 years},
  author     = {de Vaucorbeil, Alban and Nguyen, Vinh Phu and Sinaie, Sina and Wu, Jian Ying},
  year       = 2020,
  booktitle  = {Advances in {Applied} {Mechanics}},
  publisher  = {Elsevier},
  volume     = 53,
  pages      = {185--398},
  doi        = {10.1016/bs.aams.2019.11.001},
  isbn       = {978-0-12-820989-9},
  url        = {https://linkinghub.elsevier.com/retrieve/pii/S0065215619300146},
  urldate    = {2022-01-14},
  language   = {en}
}
@article{jiang_affine_2015,
  title    = {The affine particle-in-cell method},
  author   = {Jiang, Chenfanfu and Schroeder, Craig and Selle, Andrew and Teran, Joseph and Stomakhin, Alexey},
  year     = 2015,
  month    = jul,
  journal  = {ACM Transactions on Graphics},
  volume   = 34,
  number   = 4,
  pages    = {1--10},
  doi      = {10.1145/2766996},
  issn     = {0730-0301, 1557-7368},
  url      = {https://dl.acm.org/doi/10.1145/2766996},
  urldate  = {2021-12-13},
  language = {en}
}
@article{evensen_sequential_1994,
  title    = {Sequential data assimilation with a nonlinear quasi-geostrophic model using {Monte} {Carlo} methods to forecast error statistics},
  author   = {Evensen, Geir},
  year     = 1994,
  journal  = {Journal of Geophysical Research: Oceans},
  volume   = 99,
  number   = {C5},
  pages    = {10143--10162},
  doi      = {10.1029/94JC00572},
  issn     = {2156-2202},
  language = {en}
}
@article{yue_continuum_2015,
  title      = {Continuum {Foam}: {A} {Material} {Point} {Method} for {Shear}-{Dependent} {Flows}},
  shorttitle = {Continuum {Foam}},
  author     = {Yue, Yonghao and Smith, Breannan and Batty, Christopher and Zheng, Changxi and Grinspun, Eitan},
  year       = 2015,
  month      = nov,
  journal    = {ACM Transactions on Graphics},
  volume     = 34,
  number     = 5,
  pages      = {1--20},
  doi        = {10.1145/2751541},
  issn       = {0730-0301, 1557-7368},
  url        = {https://dl.acm.org/doi/10.1145/2751541},
  urldate    = {2022-01-17},
  language   = {en}
}
@article{dong_reseeding_2020,
  title    = {Reseeding of particles in the material point method for soil–structure interactions},
  author   = {Dong, Y.},
  year     = 2020,
  month    = nov,
  journal  = {Computers and Geotechnics},
  volume   = 127,
  pages    = 103716,
  doi      = {10.1016/j.compgeo.2020.103716},
  issn     = {0266-352X},
  url      = {https://www.sciencedirect.com/science/article/pii/S0266352X20302792},
  urldate  = {2022-09-02},
  language = {en},
  keywords = {Fluctuation mitigation, Material point method, Reseeding, Soil–structure interaction, Split and merge, State recovery}
}
@article{cottet_multi-purpose_1999,
  title    = {Multi-purpose regridding in vortex methods},
  author   = {Cottet, G.-H. and Ould Salihi, M.-L. and El Hamroui, M.},
  year     = 1999,
  journal  = {ESAIM: Proceedings},
  volume   = 7,
  pages    = {94--103},
  doi      = {10.1051/proc:1999009},
  issn     = {1270-900X},
  url      = {http://www.esaim-proc.org/10.1051/proc:1999009},
  urldate  = {2022-09-02},
  language = {en},
  editor   = {Giovannini, André and Cottet, Georges-Henri and Gagnon, Yves and F., Ahmed and Meiburg, Eckart}
}
@article{monaghan_extrapolating_1985,
  title    = {Extrapolating {B} splines for interpolation},
  author   = {Monaghan, J. J},
  year     = 1985,
  month    = sep,
  journal  = {Journal of Computational Physics},
  volume   = 60,
  number   = 2,
  pages    = {253--262},
  doi      = {10.1016/0021-9991(85)90006-3},
  issn     = {0021-9991},
  url      = {https://www.sciencedirect.com/science/article/pii/0021999185900063},
  urldate  = {2022-08-03},
  language = {en}
}
@inproceedings{beale_accuracy_1988,
  title     = {On the {Accuracy} of {Vortex} {Methods} at {Large} {Times}},
  author    = {Beale, J. Thomas},
  year      = 1988,
  booktitle = {Computational {Fluid} {Dynamics} and {Reacting} {Gas} {Flows}},
  publisher = {Springer},
  address   = {New York, NY},
  series    = {The {IMA} {Volumes} in {Mathematics} and {Its} {Applications}},
  pages     = {19--32},
  doi       = {10.1007/978-1-4612-3882-9_2},
  isbn      = {978-1-4612-3882-9},
  language  = {en},
  editor    = {Engquist, Bjorn and Majda, Andrew and Luskin, Mitchell},
  keywords  = {Inviscid Flow, Particle Velocity, Point Vortex, Velocity Error, Velocity Field}
}
@phdthesis{barba_lorena_a_vortex_2004,
  title        = {Vortex {Method} for {Computing} {High}-{Reynolds} {Number} {Flows}: {Increased} {Accuracy} with a {Fully} {Mesh}-{Less} {Formulation}},
  shorttitle   = {Vortex {Method} for {Computing} {High}-{Reynolds} {Number} {Flows}},
  author       = {Barba, Lorena A.},
  year         = 2004,
  month        = may,
  publisher    = {California Institute of Technology},
  doi          = {10.7907/TSR5-DE67},
  doi          = {10.7907/TSR5-DE67},
  urldate      = {2023-04-18},
  copyright    = {No commercial reproduction, distribution, display or performance rights in this work are provided.},
  school       = {California Institute of Technology},
  language     = {en},
  collaborator = {GALCIT},
  keywords     = {Aeronautics, co-rotating vortices, radial basis functions, tripole vortices, unsteady flow simulation, vortex method}
}
@article{sigalotti_mathematics_2021,
  title    = {The {Mathematics} of {Smoothed} {Particle} {Hydrodynamics} ({SPH}) {Consistency}},
  author   = {Sigalotti, Leonardo Di G. and Klapp, Jaime and Gesteira, Moncho Gómez},
  year     = 2021,
  month    = dec,
  journal  = {Frontiers in Applied Mathematics and Statistics},
  volume   = 7,
  pages    = 797455,
  doi      = {10.3389/fams.2021.797455},
  issn     = {2297-4687},
  url      = {https://www.frontiersin.org/articles/10.3389/fams.2021.797455/full},
  urldate  = {2023-01-12},
  language = {en}
}
@article{bardenhagen_generalized_2004,
  title   = {The {Generalized} {Interpolation} {Material} {Point} {Method}},
  author  = {Bardenhagen, S. and Kober, Edward},
  year    = 2004,
  month   = jun,
  journal = {CMES - Computer Modeling in Engineering and Sciences},
  volume  = 5
}
@article{sulsky_particle_1994,
  title    = {A particle method for history-dependent materials},
  author   = {Sulsky, D and Chenb, Z and Schreyer, H L},
  year     = 1994,
  pages    = 18,
  language = {en}
}
@article{iglesias_ensemble_2013,
  title    = {Ensemble {Kalman} methods for inverse problems},
  author   = {Iglesias, Marco A. and Law, Kody J. H. and Stuart, Andrew M.},
  year     = 2013,
  month    = mar,
  journal  = {Inverse Problems},
  volume   = 29,
  number   = 4,
  pages    = {045001},
  doi      = {10.1088/0266-5611/29/4/045001},
  issn     = {0266-5611},
  url      = {https://dx.doi.org/10.1088/0266-5611/29/4/045001},
  urldate  = {2023-11-20},
  note     = {Publisher: IOP Publishing},
  language = {en}
}
@book{cottet_vortex_2000,
  title  = {Vortex methods - theory and practice.},
  author = {Cottet, G.-H and Koumoutsakos, Petros},
  year   = 2000,
  month  = mar,
  doi    = {10.1017/CBO9780511526442},
  isbn   = {978-0-521-62186-1}
}
@article{cottet_particle_1990,
  title    = {A particle method to solve the {Navier}-{Stokes} system},
  author   = {Cottet, G. H. and Mas-Gallic, S.},
  year     = 1990,
  month    = dec,
  journal  = {Numerische Mathematik},
  volume   = 57,
  number   = 1,
  pages    = {805--827},
  doi      = {10.1007/BF01386445},
  issn     = {0945-3245},
  url      = {https://doi.org/10.1007/BF01386445},
  urldate  = {2023-10-24},
  language = {en},
  keywords = {AMS(MOS): 65N30, CR: G1.8}
}
@article{orlandi_vortex_1990,
  title   = {Vortex dipole rebound from a wall},
  author  = {Orlandi, Paolo},
  year    = 1990,
  month   = aug,
  journal = {Physics of Fluids A: Fluid Dynamics},
  volume  = 2,
  number  = 8,
  pages   = {1429--1436},
  doi     = {10.1063/1.857591},
  issn    = {0899-8213},
  url     = {https://doi.org/10.1063/1.857591},
  urldate = {2023-10-24}
}
@book{le_provost_low-rank_2021,
  title  = {A low-rank nonlinear ensemble filter for vortex models of aerodynamic flows},
  author = {Le Provost, Mathieu and Baptista, Ricardo and Marzouk, Youssef and Eldredge, Jeff},
  year   = 2021,
  month  = jan,
  doi    = {10.2514/6.2021-1937}
}
@inproceedings{beale_1988,
  title  = {On the Accuracy of Vortex Methods at Large Times},
  author = {J. Thomas Beale},
  year   = 1988,
  url    = {https://api.semanticscholar.org/CorpusID:123642147}
}
@article{sperotto_2021,
  title   = {A meshless method to compute pressure fields from image velocimetry},
  author  = {Pietro Sperotto and Sandra Pieraccini and Miguel Alfonso Mendez},
  year    = 2021,
  journal = {Measurement Science and Technology},
  volume  = 33,
  url     = {https://api.semanticscholar.org/CorpusID:245425158}
}
@article{russo_1994,
  title   = {Fast triangulated vortex methods for the 2D Euler equations},
  author  = {Giovanni Russo and John A. Strain},
  year    = 1994,
  journal = {Journal of Computational Physics},
  volume  = 111,
  pages   = {291--323},
  url     = {https://api.semanticscholar.org/CorpusID:2722150}
}
@book{evensen_data_2022,
  title      = {Data {Assimilation} {Fundamentals}: {A} {Unified} {Formulation} of the {State} and {Parameter} {Estimation} {Problem}},
  shorttitle = {Data {Assimilation} {Fundamentals}},
  author     = {Evensen, Geir and Vossepoel, Femke C. and van Leeuwen, Peter Jan},
  year       = 2022,
  publisher  = {Springer International Publishing},
  address    = {Cham},
  series     = {Springer {Textbooks} in {Earth} {Sciences}, {Geography} and {Environment}},
  doi        = {10.1007/978-3-030-96709-3},
  isbn       = {978-3-030-96708-6 978-3-030-96709-3},
  url        = {https://link.springer.com/10.1007/978-3-030-96709-3},
  urldate    = {2022-11-16},
  language   = {en},
  keywords   = {4DVar, Data Assimilation, Ensemble Kalman Filter, Ensemble Methods, Open Access, Parameter Estimation, Particle Filter, Particle Flow, Representer Method}
}
@article{mimeau_review_2021,
  title      = {A {Review} of {Vortex} {Methods} and {Their} {Applications}: {From} {Creation} to {Recent} {Advances}},
  shorttitle = {A {Review} of {Vortex} {Methods} and {Their} {Applications}},
  author     = {Mimeau, Chloé and Mortazavi, Iraj},
  year       = 2021,
  month      = feb,
  journal    = {Fluids},
  volume     = 6,
  number     = 2,
  pages      = 68,
  doi        = {10.3390/fluids6020068},
  issn       = {2311-5521},
  url        = {https://www.mdpi.com/2311-5521/6/2/68},
  urldate    = {2023-03-10},
  language   = {en}
}
@article{darakananda_data-assimilated_2018,
  title   = {Data-assimilated low-order vortex modeling of separated flows},
  author  = {Darakananda, Darwin and De Castro da Silva, Andre Fernando and Colonius, Tim and Eldredge, Jeff},
  year    = 2018,
  month   = nov,
  journal = {Physical Review Fluids},
  doi     = {10.1103/PhysRevFluids.3.124701}
}
@misc{chen_superfloe_2022,
  title     = {Superfloe {Parameterization} with {Physics} {Constraints} for {Uncertainty} {Quantification} of {Sea} {Ice} {Floes}},
  author    = {Chen, Nan and Deng, Quanling and Stechmann, Samuel N.},
  year      = 2022,
  month     = mar,
  publisher = {arXiv},
  url       = {http://arxiv.org/abs/2105.13569},
  urldate   = {2022-11-04},
  note      = {arXiv:2105.13569 [physics]},
  language  = {en},
  keywords  = {Physics - Computational Physics, Mathematics - Numerical Analysis, Physics - Data Analysis, Statistics and Probability, Mathematics - Dynamical Systems}
}
@article{bonan_data_2017,
  title   = {Data assimilation for moving mesh methods with an application to ice sheet modelling},
  author  = {Bonan, Bertrand and Nichols, Nancy and Baines, Michael and Partridge, Dale},
  year    = 2017,
  month   = sep,
  journal = {Nonlinear Processes in Geophysics},
  volume  = 24,
  pages   = {515--534},
  doi     = {10.5194/npg-24-515-2017}
}
@article{siripatana_combining_2019,
  title    = {Combining ensemble {Kalman} filter and multiresolution analysis for efficient assimilation into adaptive mesh models},
  author   = {Siripatana, A. and Giraldi, L. and Le Maître, O. P. and Knio, O. M. and Hoteit, I.},
  year     = 2019,
  month    = dec,
  journal  = {Computational Geosciences},
  volume   = 23,
  number   = 6,
  pages    = {1259--1276},
  doi      = {10.1007/s10596-019-09882-z},
  issn     = {1420-0597, 1573-1499},
  url      = {http://link.springer.com/10.1007/s10596-019-09882-z},
  urldate  = {2022-07-19},
  language = {en}
}
@article{kalman_new_1960,
  title   = {A {New} {Approach} to {Linear} {Filtering} and {Prediction} {Problems}},
  author  = {Kalman, R. E.},
  year    = 1960,
  month   = mar,
  journal = {Journal of Basic Engineering},
  volume  = 82,
  number  = 1,
  pages   = {35--45},
  doi     = {10.1115/1.3662552},
  issn    = {0021-9223},
  url     = {https://doi.org/10.1115/1.3662552},
  urldate = {2023-11-04}
}
@article{bocquet_introduction_2014,
  title    = {Introduction to the principles and methods of data assimilation in the geosciences},
  author   = {Bocquet, Marc},
  year     = 2014,
  pages    = 89,
  language = {en}
}
@article{cundall_discrete_1979,
  title    = {A discrete numerical model for granular assemblies},
  author   = {Cundall, P. A. and Strack, O. D. L.},
  year     = 1979,
  month    = mar,
  journal  = {Géotechnique},
  volume   = 29,
  number   = 1,
  pages    = {47--65},
  doi      = {10.1680/geot.1979.29.1.47},
  issn     = {0016-8505},
  url      = {https://www.icevirtuallibrary.com/doi/10.1680/geot.1979.29.1.47},
  urldate  = {2023-10-26},
  note     = {Publisher: ICE Publishing},
  keywords = {geotechnical engineering}
}
@article{gingold_monaghan_sph_1977,
  title   = {{Smoothed particle hydrodynamics: theory and application to non-spherical stars}},
  author  = {Gingold, R. A. and Monaghan, J. J.},
  year    = 1977,
  month   = 12,
  journal = {Monthly Notices of the Royal Astronomical Society},
  volume  = 181,
  number  = 3,
  pages   = {375--389},
  doi     = {10.1093/mnras/181.3.375},
  issn    = {0035-8711},
  url     = {https://doi.org/10.1093/mnras/181.3.375},
  eprint  = {https://academic.oup.com/mnras/article-pdf/181/3/375/3104055/mnras181-0375.pdf}
}
@article{brackbill_flip_1988,
  title      = {Flip: {A} low-dissipation, particle-in-cell method for fluid flow},
  shorttitle = {Flip},
  author     = {Brackbill, J. U. and Kothe, D. B. and Ruppel, H. M.},
  year       = 1988,
  month      = jan,
  journal    = {Computer Physics Communications},
  volume     = 48,
  number     = 1,
  pages      = {25--38},
  doi        = {10.1016/0010-4655(88)90020-3},
  issn       = {0010-4655},
  url        = {https://www.sciencedirect.com/science/article/pii/0010465588900203},
  urldate    = {2023-10-26}
}
