
@book{evensen_data_2022,
	address = {Cham},
	series = {Springer {Textbooks} in {Earth} {Sciences}, {Geography} and {Environment}},
	title = {Data {Assimilation} {Fundamentals}: {A} {Unified} {Formulation} of the {State} and {Parameter} {Estimation} {Problem}},
	isbn = {978-3-030-96708-6 978-3-030-96709-3},
	shorttitle = {Data {Assimilation} {Fundamentals}},
	url = {https://link.springer.com/10.1007/978-3-030-96709-3},
	language = {en},
	urldate = {2022-11-16},
	publisher = {Springer International Publishing},
	author = {Evensen, Geir and Vossepoel, Femke C. and van Leeuwen, Peter Jan},
	year = {2022},
	doi = {10.1007/978-3-030-96709-3},
	keywords = {4DVar, Data Assimilation, Ensemble Kalman Filter, Ensemble Methods, Open Access, Parameter Estimation, Particle Filter, Particle Flow, Representer Method},
	file = {Full Text PDF:\\\\robion1\\homes\\home-global\\Zotero\\storage\\XQSMZDAZ\\Evensen et al. - 2022 - Data Assimilation Fundamentals A Unified Formulat.pdf:application/pdf},
}
