@inproceedings{jiang_material_2016,
  address   = {Anaheim California},
  title     = {The material point method for simulating continuum materials},
  isbn      = {978-1-4503-4289-6},
  url       = {https://dl.acm.org/doi/10.1145/2897826.2927348},
  doi       = {10.1145/2897826.2927348},
  language  = {en},
  urldate   = {2021-12-09},
  booktitle = {{ACM} {SIGGRAPH} 2016 {Courses}},
  publisher = {ACM},
  author    = {Jiang, Chenfanfu and Schroeder, Craig and Teran, Joseph and Stomakhin, Alexey and Selle, Andrew},
  month     = jul,
  year      = {2016},
  pages     = {1--52}
}
@article{lucy_1977,
  title   = {A numerical approach to the testing of the fission hypothesis.},
  author  = {L. B. Lucy},
  journal = {The Astronomical Journal},
  year    = {1977},
  volume  = {82},
  pages   = {1013-1024},
  url     = {https://api.semanticscholar.org/CorpusID:122966099}
}

@article{christiansen_1973,
  title   = {Numerical simulation of hydrodynamics by the method of point vortices},
  journal = {Journal of Computational Physics},
  volume  = {13},
  number  = {3},
  pages   = {363-379},
  year    = {1973},
  issn    = {0021-9991},
  doi     = {https://doi.org/10.1016/0021-9991(73)90042-9},
  url     = {https://www.sciencedirect.com/science/article/pii/0021999173900429},
  author  = {I. P. Christiansen}
}
@article{birdsall_1969,
  title   = {Clouds-in-clouds, clouds-in-cells physics for many-body plasma simulation},
  journal = {Journal of Computational Physics},
  volume  = {3},
  number  = {4},
  pages   = {494-511},
  year    = {1969},
  issn    = {0021-9991},
  doi     = {https://doi.org/10.1016/0021-9991(69)90058-8},
  url     = {https://www.sciencedirect.com/science/article/pii/0021999169900588},
  author  = {C. K. Birdsall and D. Fuss}
}


@article{bentley_1975_kdtree,
  author     = {Bentley, Jon Louis},
  title      = {Multidimensional Binary Search Trees Used for Associative Searching},
  year       = {1975},
  issue_date = {Sept. 1975},
  publisher  = {Association for Computing Machinery},
  address    = {New York, NY, USA},
  volume     = {18},
  number     = {9},
  issn       = {0001-0782},
  url        = {https://doi.org/10.1145/361002.361007},
  doi        = {10.1145/361002.361007},
  journal    = {Commun. ACM},
  month      = {sep},
  pages      = {509–517},
  numpages   = {9},
  keywords   = {associative retrieval, binary tree insertion, intersection queries, binary search trees, nearest neighbor queries, key, partial match queries, attribute, information retrieval system}
}
@article{kuwahara_numerical_1973,
  title   = {Numerical {Studies} of {Two}-{Dimensional} {Vortex} {Motion} by a {System} of {Point} {Vortices}},
  volume  = {34},
  issn    = {0031-9015},
  url     = {https://journals.jps.jp/doi/10.1143/JPSJ.34.247},
  doi     = {10.1143/JPSJ.34.247},
  number  = {1},
  urldate = {2023-05-03},
  journal = {Journal of the Physical Society of Japan},
  author  = {Kuwahara, Kunio and Takami, Hideo},
  month   = jan,
  year    = {1973},
  pages   = {247--253}
}

@article{cottet_1990,
  author  = {Cottet, G.-H. and Mas-Gallic, S.},
  title   = {A particle method to solve the {Navier-Stokes} system},
  journal = {Numerische Mathematik},
  year    = {1990},
  volume  = {57},
  number  = {1},
  pages   = {805--827},
  month   = dec,
  issn    = {0029-599X},
  doi     = {10.1007/BF01386445},
  url     = {https://doi.org/10.1007/BF01386445}
}

@article{degond_1989,
  issn      = {00255718, 10886842},
  url       = {http://www.jstor.org/stable/2008716},
  author    = {P. Degond and S. Mas-Gallic},
  journal   = {Mathematics of Computation},
  number    = {188},
  pages     = {485--507},
  publisher = {American Mathematical Society},
  title     = {The Weighted Particle Method for Convection-Diffusion Equations. Part 1: The Case of an Isotropic Viscosity},
  urldate   = {2023-05-05},
  volume    = {53},
  year      = {1989}
}
@article{fornberg_flyer_2015,
  title     = {Solving PDEs with radial basis functions},
  volume    = {24},
  doi       = {10.1017/S0962492914000130},
  journal   = {Acta Numerica},
  publisher = {Cambridge University Press},
  author    = {Fornberg, B. and Flyer, N.},
  year      = {2015},
  pages     = {215–258}
}
@article{leonard_vortex_1980,
  title    = {Vortex methods for flow simulation},
  volume   = {37},
  issn     = {0021-9991},
  url      = {https://www.sciencedirect.com/science/article/pii/0021999180900406},
  doi      = {10.1016/0021-9991(80)90040-6},
  language = {en},
  number   = {3},
  urldate  = {2023-05-03},
  journal  = {Journal of Computational Physics},
  author   = {Leonard, A},
  month    = oct,
  year     = {1980},
  pages    = {289--335}
}

@incollection{de_vaucorbeil_material_2020,
  title      = {Material point method after 25 years: {Theory}, implementation, and applications},
  volume     = {53},
  isbn       = {978-0-12-820989-9},
  shorttitle = {Material point method after 25 years},
  url        = {https://linkinghub.elsevier.com/retrieve/pii/S0065215619300146},
  language   = {en},
  urldate    = {2022-01-14},
  booktitle  = {Advances in {Applied} {Mechanics}},
  publisher  = {Elsevier},
  author     = {de Vaucorbeil, Alban and Nguyen, Vinh Phu and Sinaie, Sina and Wu, Jian Ying},
  year       = {2020},
  doi        = {10.1016/bs.aams.2019.11.001},
  pages      = {185--398}
}

@article{jiang_affine_2015,
  title    = {The affine particle-in-cell method},
  volume   = {34},
  issn     = {0730-0301, 1557-7368},
  url      = {https://dl.acm.org/doi/10.1145/2766996},
  doi      = {10.1145/2766996},
  language = {en},
  number   = {4},
  urldate  = {2021-12-13},
  journal  = {ACM Transactions on Graphics},
  author   = {Jiang, Chenfanfu and Schroeder, Craig and Selle, Andrew and Teran, Joseph and Stomakhin, Alexey},
  month    = jul,
  year     = {2015},
  pages    = {1--10}
}

@article{evensen_sequential_1994,
  title    = {Sequential data assimilation with a nonlinear quasi-geostrophic model using {Monte} {Carlo} methods to forecast error statistics},
  volume   = {99},
  issn     = {2156-2202},
  doi      = {10.1029/94JC00572},
  language = {en},
  number   = {C5},
  journal  = {Journal of Geophysical Research: Oceans},
  author   = {Evensen, G.},
  year     = {1994},
  pages    = {10143--10162}
}
@article{yue_continuum_2015,
  title      = {Continuum {Foam}: {A} {Material} {Point} {Method} for {Shear}-{Dependent} {Flows}},
  volume     = {34},
  issn       = {0730-0301, 1557-7368},
  shorttitle = {Continuum {Foam}},
  url        = {https://dl.acm.org/doi/10.1145/2751541},
  doi        = {10.1145/2751541},
  language   = {en},
  number     = {5},
  urldate    = {2022-01-17},
  journal    = {ACM Transactions on Graphics},
  author     = {Y., Yonghao and Smith, B. and Batty, C. and Zheng, C. and Grinspun, E.},
  month      = nov,
  year       = {2015},
  pages      = {1--20}
}

@article{dong_reseeding_2020,
  title    = {Reseeding of particles in the material point method for soil–structure interactions},
  volume   = {127},
  issn     = {0266-352X},
  url      = {https://www.sciencedirect.com/science/article/pii/S0266352X20302792},
  doi      = {10.1016/j.compgeo.2020.103716},
  language = {en},
  urldate  = {2022-09-02},
  journal  = {Computers and Geotechnics},
  author   = {Dong, Y.},
  month    = nov,
  year     = {2020},
  keywords = {Fluctuation mitigation, Material point method, Reseeding, Soil–structure interaction, Split and merge, State recovery},
  pages    = {103716}
}

@article{cottet_multi-purpose_1999,
  title    = {Multi-purpose regridding in vortex methods},
  volume   = {7},
  issn     = {1270-900X},
  url      = {http://www.esaim-proc.org/10.1051/proc:1999009},
  doi      = {10.1051/proc:1999009},
  language = {en},
  urldate  = {2022-09-02},
  journal  = {ESAIM: Proceedings},
  author   = {Cottet, G.-H. and Ould Salihi, M.-L. and El Hamroui, M.},
  editor   = {Giovannini, André and Cottet, Georges-Henri and Gagnon, Yves and F., Ahmed and Meiburg, Eckart},
  year     = {1999},
  pages    = {94--103}
}


@article{monaghan_extrapolating_1985,
  title    = {Extrapolating {B} splines for interpolation},
  volume   = {60},
  issn     = {0021-9991},
  url      = {https://www.sciencedirect.com/science/article/pii/0021999185900063},
  doi      = {10.1016/0021-9991(85)90006-3},
  language = {en},
  number   = {2},
  urldate  = {2022-08-03},
  journal  = {Journal of Computational Physics},
  author   = {Monaghan, J. J.},
  month    = sep,
  year     = {1985},
  pages    = {253--262}
}


@article{bentley_1975_kdtree,
  author     = {Bentley, Jon Louis},
  title      = {Multidimensional Binary Search Trees Used for Associative Searching},
  year       = {1975},
  issue_date = {Sept. 1975},
  publisher  = {Association for Computing Machinery},
  address    = {New York, NY, USA},
  volume     = {18},
  number     = {9},
  issn       = {0001-0782},
  url        = {https://doi.org/10.1145/361002.361007},
  doi        = {10.1145/361002.361007},
  journal    = {Commun. ACM},
  month      = {sep},
  pages      = {509–517},
  numpages   = {9},
  keywords   = {associative retrieval, binary tree insertion, intersection queries, binary search trees, nearest neighbor queries, key, partial match queries, attribute, information retrieval system}
}


@article{orlandi_vortex_1990,
  title   = {Vortex dipole rebound from a wall},
  volume  = {2},
  issn    = {0899-8213},
  url     = {https://doi.org/10.1063/1.857591},
  doi     = {10.1063/1.857591},
  number  = {8},
  urldate = {2023-10-24},
  journal = {Physics of Fluids A: Fluid Dynamics},
  author  = {Orlandi, Paolo},
  month   = aug,
  year    = {1990},
  pages   = {1429--1436}
}


@inproceedings{beale_accuracy_1988,
  address   = {New York, NY},
  series    = {The {IMA} {Volumes} in {Mathematics} and {Its} {Applications}},
  title     = {On the {Accuracy} of {Vortex} {Methods} at {Large} {Times}},
  isbn      = {978-1-4612-3882-9},
  doi       = {10.1007/978-1-4612-3882-9_2},
  language  = {en},
  booktitle = {Computational {Fluid} {Dynamics} and {Reacting} {Gas} {Flows}},
  publisher = {Springer},
  author    = {Beale, J. T.},
  editor    = {Engquist, Bjorn and Majda, Andrew and Luskin, Mitchell},
  year      = {1988},
  keywords  = {Inviscid Flow, Particle Velocity, Point Vortex, Velocity Error, Velocity Field},
  pages     = {19--32}
}

@phdthesis{barba_lorena_a_vortex_2004,
  school       = {California Institute of Technology},
  title        = {Vortex {Method} for {Computing} {High}-{Reynolds} {Number} {Flows}: {Increased} {Accuracy} with a {Fully} {Mesh}-{Less} {Formulation}},
  copyright    = {No commercial reproduction, distribution, display or performance rights in this work are provided.},
  shorttitle   = {Vortex {Method} for {Computing} {High}-{Reynolds} {Number} {Flows}},
  doi          = {10.7907/TSR5-DE67},
  language     = {en},
  urldate      = {2023-04-18},
  publisher    = {California Institute of Technology},
  author       = {Barba, L. A.},
  collaborator = {GALCIT},
  month        = may,
  year         = {2004},
  doi          = {10.7907/TSR5-DE67},
  keywords     = {Aeronautics, co-rotating vortices, radial basis functions, tripole vortices, unsteady flow simulation, vortex method}
}

@article{sigalotti_mathematics_2021,
  title    = {The {Mathematics} of {Smoothed} {Particle} {Hydrodynamics} ({SPH}) {Consistency}},
  volume   = {7},
  issn     = {2297-4687},
  url      = {https://www.frontiersin.org/articles/10.3389/fams.2021.797455/full},
  doi      = {10.3389/fams.2021.797455},
  language = {en},
  urldate  = {2023-01-12},
  journal  = {Frontiers in Applied Mathematics and Statistics},
  author   = {Sigalotti, Leonardo Di G. and Klapp, Jaime and Gesteira, Moncho Gómez},
  month    = dec,
  year     = {2021},
  pages    = {797455}
}


@article{bardenhagen_generalized_2004,
  title   = {The {Generalized} {Interpolation} {Material} {Point} {Method}},
  volume  = {5},
  journal = {CMES - Computer Modeling in Engineering and Sciences},
  author  = {Bardenhagen, S. and Kober, E.},
  month   = jun,
  year    = {2004}
}


@article{sulsky_particle_1994,
  title    = {A particle method for history-dependent materials},
  language = {en},
  author   = {Sulsky, D. and Chenb, Z. and Schreyer, H.-L.},
  year     = {1994},
  pages    = {18}
}

@article{iglesias_ensemble_2013,
  title    = {Ensemble {Kalman} methods for inverse problems},
  volume   = {29},
  issn     = {0266-5611},
  url      = {https://dx.doi.org/10.1088/0266-5611/29/4/045001},
  doi      = {10.1088/0266-5611/29/4/045001},
  language = {en},
  number   = {4},
  urldate  = {2023-11-20},
  journal  = {Inverse Problems},
  author   = {Iglesias, Marco A. and Law, Kody J. H. and Stuart, Andrew M.},
  month    = mar,
  year     = {2013},
  note     = {Publisher: IOP Publishing},
  pages    = {045001}
}


@book{cottet_vortex_2000,
  title  = {Vortex methods - theory and practice.},
  isbn   = {978-0-521-62186-1},
  author = {Cottet, G.-H and Koumoutsakos, P.},
  month  = mar,
  year   = {2000},
  doi    = {10.1017/CBO9780511526442}
}

@article{cottet_particle_1990,
  title    = {A particle method to solve the {Navier}-{Stokes} system},
  volume   = {57},
  issn     = {0945-3245},
  url      = {https://doi.org/10.1007/BF01386445},
  doi      = {10.1007/BF01386445},
  language = {en},
  number   = {1},
  urldate  = {2023-10-24},
  journal  = {Numerische Mathematik},
  author   = {Cottet, G. H. and Mas-Gallic, S.},
  month    = dec,
  year     = {1990},
  keywords = {AMS(MOS): 65N30, CR: G1.8},
  pages    = {805--827}
}

@article{orlandi_vortex_1990,
  title   = {Vortex dipole rebound from a wall},
  volume  = {2},
  issn    = {0899-8213},
  url     = {https://doi.org/10.1063/1.857591},
  doi     = {10.1063/1.857591},
  number  = {8},
  urldate = {2023-10-24},
  journal = {Physics of Fluids A: Fluid Dynamics},
  author  = {Orlandi, P.},
  month   = aug,
  year    = {1990},
  pages   = {1429--1436}
}

@book{le_provost_low-rank_2021,
  title  = {A low-rank nonlinear ensemble filter for vortex models of aerodynamic flows},
  author = {Le Provost, M. and Baptista, R. and Marzouk, Y. and Eldredge, J.},
  month  = jan,
  year   = {2021},
  doi    = {10.2514/6.2021-1937}
}

@article{sperotto_2021,
  title   = {A meshless method to compute pressure fields from image velocimetry},
  author  = {P. Sperotto and S. Pieraccini and M. A. Mendez},
  journal = {Measurement Science and Technology},
  year    = {2021},
  volume  = {33},
  url     = {https://api.semanticscholar.org/CorpusID:245425158}
}
@article{russo_1994,
  title   = {Fast triangulated vortex methods for the 2D Euler equations},
  author  = {G. Russo and J. A. Strain},
  journal = {Journal of Computational Physics},
  year    = {1994},
  volume  = {111},
  pages   = {291-323},
  url     = {https://api.semanticscholar.org/CorpusID:2722150}
}

@book{evensen_data_2022,
  address    = {Cham},
  series     = {Springer {Textbooks} in {Earth} {Sciences}, {Geography} and {Environment}},
  title      = {Data {Assimilation} {Fundamentals}: {A} {Unified} {Formulation} of the {State} and {Parameter} {Estimation} {Problem}},
  isbn       = {978-3-030-96708-6 978-3-030-96709-3},
  shorttitle = {Data {Assimilation} {Fundamentals}},
  url        = {https://link.springer.com/10.1007/978-3-030-96709-3},
  language   = {en},
  urldate    = {2022-11-16},
  publisher  = {Springer International Publishing},
  author     = {Evensen, Geir and Vossepoel, Femke C. and van Leeuwen, Peter Jan},
  year       = {2022},
  doi        = {10.1007/978-3-030-96709-3},
  keywords   = {4DVar, Data Assimilation, Ensemble Kalman Filter, Ensemble Methods, Open Access, Parameter Estimation, Particle Filter, Particle Flow, Representer Method}
}

@article{mimeau_review_2021,
  title      = {A {Review} of {Vortex} {Methods} and {Their} {Applications}: {From} {Creation} to {Recent} {Advances}},
  volume     = {6},
  issn       = {2311-5521},
  shorttitle = {A {Review} of {Vortex} {Methods} and {Their} {Applications}},
  url        = {https://www.mdpi.com/2311-5521/6/2/68},
  doi        = {10.3390/fluids6020068},
  language   = {en},
  number     = {2},
  urldate    = {2023-03-10},
  journal    = {Fluids},
  author     = {Mimeau, C. and Mortazavi, I.},
  month      = feb,
  year       = {2021},
  pages      = {68}
}

@article{darakananda_data-assimilated_2018,
  title   = {Data-assimilated low-order vortex modeling of separated flows},
  doi     = {10.1103/PhysRevFluids.3.124701},
  journal = {Physical Review Fluids},
  author  = {Darakananda, D. and De Castro da Silva, A. F. and Colonius, T. and Eldredge, J.},
  month   = nov,
  year    = {2018}
}

@misc{chen_superfloe_2022,
  title     = {Superfloe {Parameterization} with {Physics} {Constraints} for {Uncertainty} {Quantification} of {Sea} {Ice} {Floes}},
  url       = {http://arxiv.org/abs/2105.13569},
  language  = {en},
  urldate   = {2022-11-04},
  publisher = {arXiv},
  author    = {Chen, Nan and Deng, Quanling and Stechmann, Samuel N.},
  month     = mar,
  year      = {2022},
  note      = {arXiv:2105.13569 [physics]},
  keywords  = {Physics - Computational Physics, Mathematics - Numerical Analysis, Physics - Data Analysis, Statistics and Probability, Mathematics - Dynamical Systems}
}

@article{bonan_data_2017,
  title   = {Data assimilation for moving mesh methods with an application to ice sheet modelling},
  volume  = {24},
  doi     = {10.5194/npg-24-515-2017},
  journal = {Nonlinear Processes in Geophysics},
  author  = {Bonan, B. and Nichols, N. and Baines, M. and Partridge, D.},
  month   = sep,
  year    = {2017},
  pages   = {515--534}
}


@article{siripatana_combining_2019,
  title    = {Combining ensemble {Kalman} filter and multiresolution analysis for efficient assimilation into adaptive mesh models},
  volume   = {23},
  issn     = {1420-0597, 1573-1499},
  url      = {http://link.springer.com/10.1007/s10596-019-09882-z},
  doi      = {10.1007/s10596-019-09882-z},
  language = {en},
  number   = {6},
  urldate  = {2022-07-19},
  journal  = {Computational Geosciences},
  author   = {Siripatana, A. and Giraldi, L. and Le Maître, O. P. and Knio, O. M. and Hoteit, I.},
  month    = dec,
  year     = {2019},
  pages    = {1259--1276}
}


@article{kalman_new_1960,
  title   = {A {New} {Approach} to {Linear} {Filtering} and {Prediction} {Problems}},
  volume  = {82},
  issn    = {0021-9223},
  url     = {https://doi.org/10.1115/1.3662552},
  doi     = {10.1115/1.3662552},
  number  = {1},
  urldate = {2023-11-04},
  journal = {Journal of Basic Engineering},
  author  = {Kalman, R. E.},
  month   = mar,
  year    = {1960},
  pages   = {35--45}
}

@article{bocquet_introduction_2014,
  title    = {Introduction to the principles and methods of data assimilation in the geosciences},
  language = {en},
  author   = {Bocquet, M.},
  year     = {2014},
  pages    = {89}
}


@article{cundall_discrete_1979,
  title    = {A discrete numerical model for granular assemblies},
  volume   = {29},
  issn     = {0016-8505},
  url      = {https://www.icevirtuallibrary.com/doi/10.1680/geot.1979.29.1.47},
  doi      = {10.1680/geot.1979.29.1.47},
  number   = {1},
  urldate  = {2023-10-26},
  journal  = {Géotechnique},
  author   = {Cundall, P. A. and Strack, O. D. L.},
  month    = mar,
  year     = {1979},
  note     = {Publisher: ICE Publishing},
  keywords = {geotechnical engineering},
  pages    = {47--65}
}

@article{gingold_monaghan_sph_1977,
  author  = {Gingold, R. A. and Monaghan, J. J.},
  title   = {{Smoothed particle hydrodynamics: theory and application to non-spherical stars}},
  journal = {Monthly Notices of the Royal Astronomical Society},
  volume  = {181},
  number  = {3},
  pages   = {375-389},
  year    = {1977},
  month   = {12},
  issn    = {0035-8711},
  doi     = {10.1093/mnras/181.3.375},
  url     = {https://doi.org/10.1093/mnras/181.3.375},
  eprint  = {https://academic.oup.com/mnras/article-pdf/181/3/375/3104055/mnras181-0375.pdf}
}


@article{brackbill_flip_1988,
  title      = {Flip: {A} low-dissipation, particle-in-cell method for fluid flow},
  volume     = {48},
  issn       = {0010-4655},
  shorttitle = {Flip},
  url        = {https://www.sciencedirect.com/science/article/pii/0010465588900203},
  doi        = {10.1016/0010-4655(88)90020-3},
  number     = {1},
  urldate    = {2023-10-26},
  journal    = {Computer Physics Communications},
  author     = {Brackbill, J. U. and Kothe, D. B. and Ruppel, H. M.},
  month      = jan,
  year       = {1988},
  pages      = {25--38}
}
@article{ravela_data_2007,
  title    = {Data assimilation by field alignment},
  volume   = {230},
  issn     = {01672789},
  url      = {https://linkinghub.elsevier.com/retrieve/pii/S0167278906003551},
  doi      = {10.1016/j.physd.2006.09.035},
  language = {en},
  number   = {1-2},
  urldate  = {2022-09-22},
  journal  = {Physica D: Nonlinear Phenomena},
  author   = {Ravela, Sai and Emanuel, Kerry and McLaughlin, Dennis},
  month    = jun,
  year     = {2007},
  pages    = {127--145},
  file     = {Ravela et al. - 2007 - Data assimilation by field alignment.pdf:C\:\\Users\\md266594\\Zotero\\storage\\XSYM6T3S\\Ravela et al. - 2007 - Data assimilation by field alignment.pdf:application/pdf}
}


@book{bocquet_bridging_2023,
  title  = {Bridging classical data assimilation and optimal transport},
  author = {Bocquet, Marc and Vanderbecken, Pierre and Farchi, Alban and Dumont Le Brazidec, Joffrey and Roustan, Yelva},
  month  = dec,
  year   = {2023},
  doi    = {10.5194/egusphere-2023-2755}
}

@article{rosenthal_displacement_2017,
  title    = {Displacement data assimilation},
  volume   = {330},
  issn     = {0021-9991},
  url      = {https://www.sciencedirect.com/science/article/pii/S002199911630523X},
  doi      = {10.1016/j.jcp.2016.10.025},
  urldate  = {2023-12-24},
  journal  = {Journal of Computational Physics},
  author   = {Rosenthal, W. Steven and Venkataramani, Shankar and Mariano, Arthur J. and Restrepo, Juan M.},
  month    = feb,
  year     = {2017},
  keywords = {Uncertainty quantification, Data assimilation, Ensemble Kalman Filter, Displacement assimilation, Vortex dynamics},
  pages    = {594--614}
}

@article{variational_method,
  title    = {An {ObJective} {Analysis} {Based} on the {Variational} {Method}},
  volume   = {36},
  issn     = {0026-1165, 2186-9057},
  url      = {https://www.jstage.jst.go.jp/article/jmsj1923/36/3/36_3_77/_article},
  doi      = {10.2151/jmsj1923.36.3_77},
  abstract = {Based on a simple principle, a method of obtaining an objective analysis is considered. Techniques of the calculus of variations are employed. Using this principle, two cases are studied. Case I is based on the assumption of quasi-geostrophic and thermal wind conditions. Case II is based on conditions defined by non-divergence and the "balance equation" which correspond to an equivalent barotropic flow. The method is demonstrated by three simple examples.},
  language = {en},
  number   = {3},
  urldate  = {2024-02-19},
  journal  = {Journal of the Meteorological Society of Japan. Ser. II},
  author   = {Sasaki, Y.},
  year     = {1958},
  pages    = {77--88}
}


@article{talagrand1997assimilation,
  title   = {Assimilation of Observations, an Introduction},
  author  = {Talagrand, O.},
  journal = {Journal of the Meteorological Society of Japan},
  volume  = {75},
  number  = {1B},
  pages   = {191--209},
  year    = {1997}
}